%YAML 1.1
%TAG !u! tag:unity3d.com,2011:
--- !u!1 &1503946714657200
GameObject:
  m_ObjectHideFlags: 0
  m_CorrespondingSourceObject: {fileID: 0}
  m_PrefabInstance: {fileID: 0}
  m_PrefabAsset: {fileID: 0}
  serializedVersion: 6
  m_Component:
  - component: {fileID: 4145719889999796}
  - component: {fileID: 33814528994579564}
  - component: {fileID: 23790735379671480}
  - component: {fileID: 114200012606812148}
  m_Layer: 0
  m_Name: Lock
  m_TagString: Untagged
  m_Icon: {fileID: 0}
  m_NavMeshLayer: 0
  m_StaticEditorFlags: 0
  m_IsActive: 0
--- !u!4 &4145719889999796
Transform:
  m_ObjectHideFlags: 0
  m_CorrespondingSourceObject: {fileID: 0}
  m_PrefabInstance: {fileID: 0}
  m_PrefabAsset: {fileID: 0}
  m_GameObject: {fileID: 1503946714657200}
  m_LocalRotation: {x: 0.0000000074505815, y: -0, z: -0.7118274, w: 0.7023545}
  m_LocalPosition: {x: 0, y: -0.000000037252903, z: 1.7142886}
  m_LocalScale: {x: 12, y: 12, z: 12}
  m_Children: []
  m_Father: {fileID: 4108178752140962}
  m_RootOrder: 1
  m_LocalEulerAnglesHint: {x: 0, y: 0, z: -90.768005}
--- !u!33 &33814528994579564
MeshFilter:
  m_ObjectHideFlags: 0
  m_CorrespondingSourceObject: {fileID: 0}
  m_PrefabInstance: {fileID: 0}
  m_PrefabAsset: {fileID: 0}
  m_GameObject: {fileID: 1503946714657200}
  m_Mesh: {fileID: 4300000, guid: fc0f77dfab7922e46bfcf6b693abc062, type: 3}
--- !u!23 &23790735379671480
MeshRenderer:
  m_ObjectHideFlags: 0
  m_CorrespondingSourceObject: {fileID: 0}
  m_PrefabInstance: {fileID: 0}
  m_PrefabAsset: {fileID: 0}
  m_GameObject: {fileID: 1503946714657200}
  m_Enabled: 1
  m_CastShadows: 1
  m_ReceiveShadows: 1
  m_DynamicOccludee: 1
  m_MotionVectors: 1
  m_LightProbeUsage: 1
  m_ReflectionProbeUsage: 1
  m_RenderingLayerMask: 4294967295
  m_RendererPriority: 0
  m_Materials:
  - {fileID: 2100000, guid: cd2743f450b83e041a39df948c4f4a91, type: 2}
  m_StaticBatchInfo:
    firstSubMesh: 0
    subMeshCount: 0
  m_StaticBatchRoot: {fileID: 0}
  m_ProbeAnchor: {fileID: 0}
  m_LightProbeVolumeOverride: {fileID: 0}
  m_ScaleInLightmap: 1
  m_ReceiveGI: 1
  m_PreserveUVs: 1
  m_IgnoreNormalsForChartDetection: 0
  m_ImportantGI: 0
  m_StitchLightmapSeams: 0
  m_SelectedEditorRenderState: 3
  m_MinimumChartSize: 4
  m_AutoUVMaxDistance: 0.5
  m_AutoUVMaxAngle: 89
  m_LightmapParameters: {fileID: 0}
  m_SortingLayerID: 0
  m_SortingLayer: 0
  m_SortingOrder: 0
--- !u!114 &114200012606812148
MonoBehaviour:
  m_ObjectHideFlags: 0
  m_CorrespondingSourceObject: {fileID: 0}
  m_PrefabInstance: {fileID: 0}
  m_PrefabAsset: {fileID: 0}
  m_GameObject: {fileID: 1503946714657200}
  m_Enabled: 1
  m_EditorHideFlags: 0
  m_Script: {fileID: 11500000, guid: bdeb732a7cea3e14c95f7b1f585ebc5c, type: 3}
  m_Name: 
  m_EditorClassIdentifier: 
--- !u!1 &1816068058121122
GameObject:
  m_ObjectHideFlags: 0
  m_CorrespondingSourceObject: {fileID: 0}
  m_PrefabInstance: {fileID: 0}
  m_PrefabAsset: {fileID: 0}
  serializedVersion: 6
  m_Component:
  - component: {fileID: 4576783033111888}
  - component: {fileID: 114236326412584690}
  m_Layer: 9
  m_Name: SpawnBall
  m_TagString: SpawnBallT
  m_Icon: {fileID: 0}
  m_NavMeshLayer: 0
  m_StaticEditorFlags: 0
  m_IsActive: 0
--- !u!4 &4576783033111888
Transform:
  m_ObjectHideFlags: 0
  m_CorrespondingSourceObject: {fileID: 0}
  m_PrefabInstance: {fileID: 0}
  m_PrefabAsset: {fileID: 0}
  m_GameObject: {fileID: 1816068058121122}
  m_LocalRotation: {x: -0, y: -0, z: -0, w: 1}
  m_LocalPosition: {x: -0.06, y: 1.85, z: -4.73}
  m_LocalScale: {x: 1, y: 1, z: 1}
  m_Children:
  - {fileID: 8118121650650775800}
  - {fileID: 4272116507488223137}
  m_Father: {fileID: 4108178752140962}
  m_RootOrder: 0
  m_LocalEulerAnglesHint: {x: 0, y: 0, z: 0}
--- !u!114 &114236326412584690
MonoBehaviour:
  m_ObjectHideFlags: 0
  m_CorrespondingSourceObject: {fileID: 0}
  m_PrefabInstance: {fileID: 0}
  m_PrefabAsset: {fileID: 0}
  m_GameObject: {fileID: 1816068058121122}
  m_Enabled: 1
  m_EditorHideFlags: 0
  m_Script: {fileID: 11500000, guid: 05f8adb8066d94dc4ab7e19941573f58, type: 3}
  m_Name: 
  m_EditorClassIdentifier: 
--- !u!1 &1906928508883728
GameObject:
  m_ObjectHideFlags: 0
  m_CorrespondingSourceObject: {fileID: 0}
  m_PrefabInstance: {fileID: 0}
  m_PrefabAsset: {fileID: 0}
  serializedVersion: 6
  m_Component:
  - component: {fileID: 4108178752140962}
  - component: {fileID: 33396423087342262}
  - component: {fileID: 65376590589488964}
  - component: {fileID: 23115676147916188}
  - component: {fileID: 54073139539007156}
  - component: {fileID: 114166691770772876}
  - component: {fileID: 1329111262358662167}
  m_Layer: 9
  m_Name: Player_2
  m_TagString: Player
  m_Icon: {fileID: 0}
  m_NavMeshLayer: 0
  m_StaticEditorFlags: 0
  m_IsActive: 1
--- !u!4 &4108178752140962
Transform:
  m_ObjectHideFlags: 0
  m_CorrespondingSourceObject: {fileID: 0}
  m_PrefabInstance: {fileID: 0}
  m_PrefabAsset: {fileID: 0}
  m_GameObject: {fileID: 1906928508883728}
  m_LocalRotation: {x: 0, y: 1, z: 0, w: 0}
  m_LocalPosition: {x: 5, y: 0, z: 0}
  m_LocalScale: {x: 0.07, y: 0.05, z: 0.07}
  m_Children:
  - {fileID: 4576783033111888}
  - {fileID: 4145719889999796}
  - {fileID: 8942451804008555912}
  - {fileID: 526416495416925511}
  m_Father: {fileID: 0}
  m_RootOrder: 0
  m_LocalEulerAnglesHint: {x: 0, y: 180, z: 0}
--- !u!33 &33396423087342262
MeshFilter:
  m_ObjectHideFlags: 0
  m_CorrespondingSourceObject: {fileID: 0}
  m_PrefabInstance: {fileID: 0}
  m_PrefabAsset: {fileID: 0}
  m_GameObject: {fileID: 1906928508883728}
  m_Mesh: {fileID: 4300000, guid: 5bdd237028ccda843a8616cb6c8b300d, type: 3}
--- !u!65 &65376590589488964
BoxCollider:
  m_ObjectHideFlags: 0
  m_CorrespondingSourceObject: {fileID: 0}
  m_PrefabInstance: {fileID: 0}
  m_PrefabAsset: {fileID: 0}
  m_GameObject: {fileID: 1906928508883728}
  m_Material: {fileID: 0}
  m_IsTrigger: 0
  m_Enabled: 1
  serializedVersion: 2
  m_Size: {x: 10.498381, y: 10.4984, z: 10.501284}
  m_Center: {x: 0.097537056, y: -0.09776497, z: 1.5877687}
--- !u!23 &23115676147916188
MeshRenderer:
  m_ObjectHideFlags: 0
  m_CorrespondingSourceObject: {fileID: 0}
  m_PrefabInstance: {fileID: 0}
  m_PrefabAsset: {fileID: 0}
  m_GameObject: {fileID: 1906928508883728}
  m_Enabled: 0
  m_CastShadows: 1
  m_ReceiveShadows: 1
  m_DynamicOccludee: 1
  m_MotionVectors: 1
  m_LightProbeUsage: 1
  m_ReflectionProbeUsage: 1
  m_RenderingLayerMask: 4294967295
  m_RendererPriority: 0
  m_Materials:
  - {fileID: 2100000, guid: b516fb49f8fea194080e3857897dea3e, type: 2}
  m_StaticBatchInfo:
    firstSubMesh: 0
    subMeshCount: 0
  m_StaticBatchRoot: {fileID: 0}
  m_ProbeAnchor: {fileID: 0}
  m_LightProbeVolumeOverride: {fileID: 0}
  m_ScaleInLightmap: 1
  m_ReceiveGI: 1
  m_PreserveUVs: 0
  m_IgnoreNormalsForChartDetection: 0
  m_ImportantGI: 0
  m_StitchLightmapSeams: 0
  m_SelectedEditorRenderState: 3
  m_MinimumChartSize: 4
  m_AutoUVMaxDistance: 0.5
  m_AutoUVMaxAngle: 89
  m_LightmapParameters: {fileID: 0}
  m_SortingLayerID: 0
  m_SortingLayer: 0
  m_SortingOrder: 0
--- !u!54 &54073139539007156
Rigidbody:
  m_ObjectHideFlags: 0
  m_CorrespondingSourceObject: {fileID: 0}
  m_PrefabInstance: {fileID: 0}
  m_PrefabAsset: {fileID: 0}
  m_GameObject: {fileID: 1906928508883728}
  serializedVersion: 2
  m_Mass: 1
  m_Drag: 0
  m_AngularDrag: 0.05
  m_UseGravity: 1
  m_IsKinematic: 1
  m_Interpolate: 0
  m_Constraints: 124
  m_CollisionDetection: 0
--- !u!114 &114166691770772876
MonoBehaviour:
  m_ObjectHideFlags: 0
  m_CorrespondingSourceObject: {fileID: 0}
  m_PrefabInstance: {fileID: 0}
  m_PrefabAsset: {fileID: 0}
  m_GameObject: {fileID: 1906928508883728}
  m_Enabled: 1
  m_EditorHideFlags: 0
  m_Script: {fileID: 11500000, guid: 6478e03eca862824392e3b5408b518e8, type: 3}
  m_Name: 
  m_EditorClassIdentifier: 
  ball_0: {fileID: 1022304850798576, guid: 28b78d42cad8c67409e8079623fb3ea9, type: 3}
  ball_1: {fileID: 1234547273187166, guid: dd511d357b43dc442b4adb89933a9e6f, type: 3}
  ball_2: {fileID: 1465509155417668, guid: 752ce8e9a90c6ef498033de931e5d32e, type: 3}
  endRightMove: 0
  spawnBallplace: {fileID: 1816068058121122}
  effectBox: {fileID: 1439342895352010, guid: cc01dca4707cc734c84b9d6307ae244e, type: 3}
--- !u!82 &1329111262358662167
AudioSource:
  m_ObjectHideFlags: 0
  m_CorrespondingSourceObject: {fileID: 0}
  m_PrefabInstance: {fileID: 0}
  m_PrefabAsset: {fileID: 0}
  m_GameObject: {fileID: 1906928508883728}
  m_Enabled: 1
  serializedVersion: 4
  OutputAudioMixerGroup: {fileID: 0}
  m_audioClip: {fileID: 8300000, guid: 2c6fee97cde10d841aae9c4585e6bd31, type: 3}
  m_PlayOnAwake: 1
  m_Volume: 1
  m_Pitch: 1
  Loop: 0
  Mute: 0
  Spatialize: 0
  SpatializePostEffects: 0
  Priority: 128
  DopplerLevel: 1
  MinDistance: 1
  MaxDistance: 500
  Pan2D: 0
  rolloffMode: 0
  BypassEffects: 0
  BypassListenerEffects: 0
  BypassReverbZones: 0
  rolloffCustomCurve:
    serializedVersion: 2
    m_Curve:
    - serializedVersion: 3
      time: 0
      value: 1
      inSlope: 0
      outSlope: 0
      tangentMode: 0
      weightedMode: 0
      inWeight: 0.33333334
      outWeight: 0.33333334
    - serializedVersion: 3
      time: 1
      value: 0
      inSlope: 0
      outSlope: 0
      tangentMode: 0
      weightedMode: 0
      inWeight: 0.33333334
      outWeight: 0.33333334
    m_PreInfinity: 2
    m_PostInfinity: 2
    m_RotationOrder: 4
  panLevelCustomCurve:
    serializedVersion: 2
    m_Curve:
    - serializedVersion: 3
      time: 0
      value: 0
      inSlope: 0
      outSlope: 0
      tangentMode: 0
      weightedMode: 0
      inWeight: 0.33333334
      outWeight: 0.33333334
    m_PreInfinity: 2
    m_PostInfinity: 2
    m_RotationOrder: 4
  spreadCustomCurve:
    serializedVersion: 2
    m_Curve:
    - serializedVersion: 3
      time: 0
      value: 0
      inSlope: 0
      outSlope: 0
      tangentMode: 0
      weightedMode: 0
      inWeight: 0.33333334
      outWeight: 0.33333334
    m_PreInfinity: 2
    m_PostInfinity: 2
    m_RotationOrder: 4
  reverbZoneMixCustomCurve:
    serializedVersion: 2
    m_Curve:
    - serializedVersion: 3
      time: 0
      value: 1
      inSlope: 0
      outSlope: 0
      tangentMode: 0
      weightedMode: 0
      inWeight: 0.33333334
      outWeight: 0.33333334
    m_PreInfinity: 2
    m_PostInfinity: 2
    m_RotationOrder: 4
--- !u!1 &1922920423428089699
GameObject:
  m_ObjectHideFlags: 0
  m_CorrespondingSourceObject: {fileID: 0}
  m_PrefabInstance: {fileID: 0}
  m_PrefabAsset: {fileID: 0}
  serializedVersion: 6
  m_Component:
  - component: {fileID: 8942451804008555912}
  m_Layer: 0
  m_Name: GameObject
  m_TagString: Untagged
  m_Icon: {fileID: 0}
  m_NavMeshLayer: 0
  m_StaticEditorFlags: 0
  m_IsActive: 0
--- !u!4 &8942451804008555912
Transform:
  m_ObjectHideFlags: 0
  m_CorrespondingSourceObject: {fileID: 0}
  m_PrefabInstance: {fileID: 0}
  m_PrefabAsset: {fileID: 0}
  m_GameObject: {fileID: 1922920423428089699}
  m_LocalRotation: {x: -0, y: -1, z: -0, w: 0}
  m_LocalPosition: {x: 0.035534587, y: -1.1763825, z: 7.1247616}
  m_LocalScale: {x: 14.285715, y: 20.000004, z: 14.285715}
  m_Children:
  - {fileID: 5141423582506505861}
  m_Father: {fileID: 4108178752140962}
  m_RootOrder: 2
  m_LocalEulerAnglesHint: {x: 0, y: 0, z: 0}
--- !u!114 &6618846881703839912
MonoBehaviour:
  m_ObjectHideFlags: 0
  m_CorrespondingSourceObject: {fileID: 0}
  m_PrefabInstance: {fileID: 0}
  m_PrefabAsset: {fileID: 0}
  m_GameObject: {fileID: 3536852772818104148}
  m_Enabled: 1
  m_EditorHideFlags: 0
  m_Script: {fileID: 11500000, guid: 9048ea922ae3518428cd4bba86ab8d0c, type: 3}
  m_Name: 
  m_EditorClassIdentifier: 
--- !u!114 &5495473710590794246
MonoBehaviour:
  m_ObjectHideFlags: 0
  m_CorrespondingSourceObject: {fileID: 0}
  m_PrefabInstance: {fileID: 0}
  m_PrefabAsset: {fileID: 0}
  m_GameObject: {fileID: 5141423582506273445}
  m_Enabled: 1
  m_EditorHideFlags: 0
  m_Script: {fileID: 11500000, guid: 9048ea922ae3518428cd4bba86ab8d0c, type: 3}
  m_Name: 
  m_EditorClassIdentifier: 
--- !u!1 &6592850088957306280
GameObject:
  m_ObjectHideFlags: 0
  m_CorrespondingSourceObject: {fileID: 0}
  m_PrefabInstance: {fileID: 0}
  m_PrefabAsset: {fileID: 0}
  serializedVersion: 6
  m_Component:
  - component: {fileID: 8118121650650775800}
  - component: {fileID: 86307561750043502}
  m_Layer: 9
  m_Name: SpawnBall (1)
  m_TagString: SpawnBallT
  m_Icon: {fileID: 0}
  m_NavMeshLayer: 0
  m_StaticEditorFlags: 0
  m_IsActive: 1
--- !u!4 &8118121650650775800
Transform:
  m_ObjectHideFlags: 0
  m_CorrespondingSourceObject: {fileID: 0}
  m_PrefabInstance: {fileID: 0}
  m_PrefabAsset: {fileID: 0}
  m_GameObject: {fileID: 6592850088957306280}
  m_LocalRotation: {x: -0, y: -0, z: -0, w: 1}
  m_LocalPosition: {x: 1.95, y: -3.03, z: 0}
  m_LocalScale: {x: 1, y: 1, z: 1}
  m_Children: []
  m_Father: {fileID: 4576783033111888}
  m_RootOrder: 0
  m_LocalEulerAnglesHint: {x: 0, y: 0, z: 0}
--- !u!114 &86307561750043502
MonoBehaviour:
  m_ObjectHideFlags: 0
  m_CorrespondingSourceObject: {fileID: 0}
  m_PrefabInstance: {fileID: 0}
  m_PrefabAsset: {fileID: 0}
  m_GameObject: {fileID: 6592850088957306280}
  m_Enabled: 1
  m_EditorHideFlags: 0
  m_Script: {fileID: 11500000, guid: 05f8adb8066d94dc4ab7e19941573f58, type: 3}
  m_Name: 
  m_EditorClassIdentifier: 
--- !u!1 &7068716282583853485
GameObject:
  m_ObjectHideFlags: 0
  m_CorrespondingSourceObject: {fileID: 0}
  m_PrefabInstance: {fileID: 0}
  m_PrefabAsset: {fileID: 0}
  serializedVersion: 6
  m_Component:
  - component: {fileID: 4272116507488223137}
  - component: {fileID: 1790401808761071874}
  m_Layer: 9
  m_Name: SpawnBall (2)
  m_TagString: SpawnBallT
  m_Icon: {fileID: 0}
  m_NavMeshLayer: 0
  m_StaticEditorFlags: 0
  m_IsActive: 1
--- !u!4 &4272116507488223137
Transform:
  m_ObjectHideFlags: 0
  m_CorrespondingSourceObject: {fileID: 0}
  m_PrefabInstance: {fileID: 0}
  m_PrefabAsset: {fileID: 0}
  m_GameObject: {fileID: 7068716282583853485}
  m_LocalRotation: {x: -0, y: -0, z: -0, w: 1}
  m_LocalPosition: {x: -1.93, y: -3.13, z: 0}
  m_LocalScale: {x: 1, y: 1, z: 1}
  m_Children: []
  m_Father: {fileID: 4576783033111888}
  m_RootOrder: 1
  m_LocalEulerAnglesHint: {x: 0, y: 0, z: 0}
--- !u!114 &1790401808761071874
MonoBehaviour:
  m_ObjectHideFlags: 0
  m_CorrespondingSourceObject: {fileID: 0}
  m_PrefabInstance: {fileID: 0}
  m_PrefabAsset: {fileID: 0}
  m_GameObject: {fileID: 7068716282583853485}
  m_Enabled: 1
  m_EditorHideFlags: 0
  m_Script: {fileID: 11500000, guid: 05f8adb8066d94dc4ab7e19941573f58, type: 3}
  m_Name: 
  m_EditorClassIdentifier: 
--- !u!1001 &4770580626864797277
PrefabInstance:
  m_ObjectHideFlags: 0
  serializedVersion: 2
  m_Modification:
    m_TransformParent: {fileID: 4108178752140962}
    m_Modifications:
    - target: {fileID: -927199367670048503, guid: 3a8498994b9b1774f92946417da5e9b5,
        type: 3}
      propertyPath: m_Name
      value: nowyPostac_2
      objectReference: {fileID: 0}
    - target: {fileID: -4216859302048453862, guid: 3a8498994b9b1774f92946417da5e9b5,
        type: 3}
      propertyPath: m_LocalPosition.x
      value: -0.08
      objectReference: {fileID: 0}
    - target: {fileID: -4216859302048453862, guid: 3a8498994b9b1774f92946417da5e9b5,
        type: 3}
      propertyPath: m_LocalPosition.y
      value: -5.07
      objectReference: {fileID: 0}
    - target: {fileID: -4216859302048453862, guid: 3a8498994b9b1774f92946417da5e9b5,
        type: 3}
      propertyPath: m_LocalPosition.z
      value: -3.38
      objectReference: {fileID: 0}
    - target: {fileID: -4216859302048453862, guid: 3a8498994b9b1774f92946417da5e9b5,
        type: 3}
      propertyPath: m_LocalRotation.x
      value: -0.7071068
      objectReference: {fileID: 0}
    - target: {fileID: -4216859302048453862, guid: 3a8498994b9b1774f92946417da5e9b5,
        type: 3}
      propertyPath: m_LocalRotation.y
      value: 0
      objectReference: {fileID: 0}
    - target: {fileID: -4216859302048453862, guid: 3a8498994b9b1774f92946417da5e9b5,
        type: 3}
      propertyPath: m_LocalRotation.z
      value: -0
      objectReference: {fileID: 0}
    - target: {fileID: -4216859302048453862, guid: 3a8498994b9b1774f92946417da5e9b5,
        type: 3}
      propertyPath: m_LocalRotation.w
      value: 0.7071067
      objectReference: {fileID: 0}
    - target: {fileID: -4216859302048453862, guid: 3a8498994b9b1774f92946417da5e9b5,
        type: 3}
      propertyPath: m_RootOrder
      value: 3
      objectReference: {fileID: 0}
    - target: {fileID: -4216859302048453862, guid: 3a8498994b9b1774f92946417da5e9b5,
        type: 3}
      propertyPath: m_LocalEulerAnglesHint.x
      value: 0
      objectReference: {fileID: 0}
    - target: {fileID: -4216859302048453862, guid: 3a8498994b9b1774f92946417da5e9b5,
        type: 3}
      propertyPath: m_LocalEulerAnglesHint.y
      value: 0
      objectReference: {fileID: 0}
    - target: {fileID: -4216859302048453862, guid: 3a8498994b9b1774f92946417da5e9b5,
        type: 3}
      propertyPath: m_LocalEulerAnglesHint.z
      value: 0
      objectReference: {fileID: 0}
    - target: {fileID: -4216859302048453862, guid: 3a8498994b9b1774f92946417da5e9b5,
        type: 3}
      propertyPath: m_LocalScale.x
      value: 496.24
      objectReference: {fileID: 0}
    - target: {fileID: -4216859302048453862, guid: 3a8498994b9b1774f92946417da5e9b5,
        type: 3}
      propertyPath: m_LocalScale.y
      value: 496.24
      objectReference: {fileID: 0}
    - target: {fileID: -4216859302048453862, guid: 3a8498994b9b1774f92946417da5e9b5,
        type: 3}
      propertyPath: m_LocalScale.z
      value: 496.24
      objectReference: {fileID: 0}
    - target: {fileID: -1504981713932161579, guid: 3a8498994b9b1774f92946417da5e9b5,
        type: 3}
      propertyPath: m_Materials.Array.data[0]
      value: 
      objectReference: {fileID: 2100000, guid: ff7afb4522cd924499c933de2261ee01, type: 2}
    m_RemovedComponents: []
  m_SourcePrefab: {fileID: 100100000, guid: 3a8498994b9b1774f92946417da5e9b5, type: 3}
--- !u!1 &3536852772818104148 stripped
GameObject:
  m_CorrespondingSourceObject: {fileID: -927199367670048503, guid: 3a8498994b9b1774f92946417da5e9b5,
    type: 3}
  m_PrefabInstance: {fileID: 4770580626864797277}
  m_PrefabAsset: {fileID: 0}
--- !u!4 &526416495416925511 stripped
Transform:
  m_CorrespondingSourceObject: {fileID: -4216859302048453862, guid: 3a8498994b9b1774f92946417da5e9b5,
    type: 3}
  m_PrefabInstance: {fileID: 4770580626864797277}
  m_PrefabAsset: {fileID: 0}
--- !u!1001 &5141423582506372101
PrefabInstance:
  m_ObjectHideFlags: 0
  serializedVersion: 2
  m_Modification:
    m_TransformParent: {fileID: 8942451804008555912}
    m_Modifications:
    - target: {fileID: 100000, guid: 48ee8478085289248becc362f974803c, type: 3}
      propertyPath: m_Name
      value: postac_3
      objectReference: {fileID: 0}
    - target: {fileID: 400000, guid: 48ee8478085289248becc362f974803c, type: 3}
      propertyPath: m_LocalPosition.x
      value: 0.002487421
      objectReference: {fileID: 0}
    - target: {fileID: 400000, guid: 48ee8478085289248becc362f974803c, type: 3}
      propertyPath: m_LocalPosition.y
      value: 0.058819115
      objectReference: {fileID: 0}
    - target: {fileID: 400000, guid: 48ee8478085289248becc362f974803c, type: 3}
      propertyPath: m_LocalPosition.z
      value: 0.3923333
      objectReference: {fileID: 0}
    - target: {fileID: 400000, guid: 48ee8478085289248becc362f974803c, type: 3}
      propertyPath: m_LocalRotation.x
      value: -0.7071068
      objectReference: {fileID: 0}
    - target: {fileID: 400000, guid: 48ee8478085289248becc362f974803c, type: 3}
      propertyPath: m_LocalRotation.y
      value: 0.00000019861236
      objectReference: {fileID: 0}
    - target: {fileID: 400000, guid: 48ee8478085289248becc362f974803c, type: 3}
      propertyPath: m_LocalRotation.z
      value: 0.00000019861236
      objectReference: {fileID: 0}
    - target: {fileID: 400000, guid: 48ee8478085289248becc362f974803c, type: 3}
      propertyPath: m_LocalRotation.w
      value: 0.7071068
      objectReference: {fileID: 0}
    - target: {fileID: 400000, guid: 48ee8478085289248becc362f974803c, type: 3}
      propertyPath: m_RootOrder
      value: 0
      objectReference: {fileID: 0}
    - target: {fileID: 400000, guid: 48ee8478085289248becc362f974803c, type: 3}
      propertyPath: m_LocalEulerAnglesHint.x
      value: -90
      objectReference: {fileID: 0}
    - target: {fileID: 400000, guid: 48ee8478085289248becc362f974803c, type: 3}
      propertyPath: m_LocalEulerAnglesHint.y
      value: -179.99998
      objectReference: {fileID: 0}
    - target: {fileID: 400000, guid: 48ee8478085289248becc362f974803c, type: 3}
      propertyPath: m_LocalEulerAnglesHint.z
      value: 0
      objectReference: {fileID: 0}
    - target: {fileID: 400000, guid: 48ee8478085289248becc362f974803c, type: 3}
      propertyPath: m_LocalScale.x
      value: 0.018676644
      objectReference: {fileID: 0}
    - target: {fileID: 400000, guid: 48ee8478085289248becc362f974803c, type: 3}
      propertyPath: m_LocalScale.y
      value: 0.018200008
      objectReference: {fileID: 0}
    - target: {fileID: 400000, guid: 48ee8478085289248becc362f974803c, type: 3}
      propertyPath: m_LocalScale.z
      value: 0.013340459
      objectReference: {fileID: 0}
    - target: {fileID: 2300000, guid: 48ee8478085289248becc362f974803c, type: 3}
      propertyPath: m_Materials.Array.data[0]
      value: 
      objectReference: {fileID: 2100000, guid: ff7afb4522cd924499c933de2261ee01, type: 2}
    m_RemovedComponents: []
  m_SourcePrefab: {fileID: 100100000, guid: 48ee8478085289248becc362f974803c, type: 3}
--- !u!1 &5141423582506273445 stripped
GameObject:
  m_CorrespondingSourceObject: {fileID: 100000, guid: 48ee8478085289248becc362f974803c,
    type: 3}
  m_PrefabInstance: {fileID: 5141423582506372101}
  m_PrefabAsset: {fileID: 0}
--- !u!4 &5141423582506505861 stripped
Transform:
  m_CorrespondingSourceObject: {fileID: 400000, guid: 48ee8478085289248becc362f974803c,
    type: 3}
  m_PrefabInstance: {fileID: 5141423582506372101}
  m_PrefabAsset: {fileID: 0}
