%YAML 1.1
%TAG !u! tag:unity3d.com,2011:
--- !u!1 &1547585671917162
GameObject:
  m_ObjectHideFlags: 0
  m_CorrespondingSourceObject: {fileID: 0}
  m_PrefabInstance: {fileID: 0}
  m_PrefabAsset: {fileID: 0}
  serializedVersion: 6
  m_Component:
  - component: {fileID: 4366286361655940}
  - component: {fileID: 54200171643725590}
  - component: {fileID: 114301300657784136}
  - component: {fileID: 114465464980593786}
  m_Layer: 8
  m_Name: Enemy2R
  m_TagString: SpikeOther
  m_Icon: {fileID: 0}
  m_NavMeshLayer: 0
  m_StaticEditorFlags: 0
  m_IsActive: 1
--- !u!4 &4366286361655940
Transform:
  m_ObjectHideFlags: 0
  m_CorrespondingSourceObject: {fileID: 0}
  m_PrefabInstance: {fileID: 0}
  m_PrefabAsset: {fileID: 0}
  m_GameObject: {fileID: 1547585671917162}
  m_LocalRotation: {x: 0, y: -0.7071068, z: 0, w: 0.7071068}
  m_LocalPosition: {x: 0.002, y: 1.95, z: 0.13}
  m_LocalScale: {x: 1, y: 1, z: 2.5}
  m_Children:
  - {fileID: 8584325639210948951}
  - {fileID: 3227183742905032633}
  m_Father: {fileID: 0}
  m_RootOrder: 0
  m_LocalEulerAnglesHint: {x: 0, y: -90, z: 0}
--- !u!54 &54200171643725590
Rigidbody:
  m_ObjectHideFlags: 0
  m_CorrespondingSourceObject: {fileID: 0}
  m_PrefabInstance: {fileID: 0}
  m_PrefabAsset: {fileID: 0}
  m_GameObject: {fileID: 1547585671917162}
  serializedVersion: 2
  m_Mass: 1
  m_Drag: 0
  m_AngularDrag: 0.05
  m_UseGravity: 1
  m_IsKinematic: 0
  m_Interpolate: 0
  m_Constraints: 122
  m_CollisionDetection: 0
--- !u!114 &114301300657784136
MonoBehaviour:
  m_ObjectHideFlags: 0
  m_CorrespondingSourceObject: {fileID: 0}
  m_PrefabInstance: {fileID: 0}
  m_PrefabAsset: {fileID: 0}
  m_GameObject: {fileID: 1547585671917162}
  m_Enabled: 1
  m_EditorHideFlags: 0
  m_Script: {fileID: 11500000, guid: 9ae870c405b3bd64ea7efb816c4007ad, type: 3}
  m_Name: 
  m_EditorClassIdentifier: 
--- !u!114 &114465464980593786
MonoBehaviour:
  m_ObjectHideFlags: 0
  m_CorrespondingSourceObject: {fileID: 0}
  m_PrefabInstance: {fileID: 0}
  m_PrefabAsset: {fileID: 0}
  m_GameObject: {fileID: 1547585671917162}
  m_Enabled: 1
  m_EditorHideFlags: 0
  m_Script: {fileID: 11500000, guid: d9d168472eae34fc2a9d4403d12911ec, type: 3}
  m_Name: 
  m_EditorClassIdentifier: 
--- !u!64 &4430104708994341954
MeshCollider:
  m_ObjectHideFlags: 0
  m_CorrespondingSourceObject: {fileID: 0}
  m_PrefabInstance: {fileID: 0}
  m_PrefabAsset: {fileID: 0}
  m_GameObject: {fileID: 3227183742904861593}
  m_Material: {fileID: 0}
  m_IsTrigger: 0
  m_Enabled: 0
  serializedVersion: 3
  m_Convex: 1
  m_CookingOptions: 14
  m_Mesh: {fileID: 4300000, guid: fffe7721f4b898d42b17cd2e0f84ef0d, type: 3}
--- !u!1 &7388173462873943936
GameObject:
  m_ObjectHideFlags: 0
  m_CorrespondingSourceObject: {fileID: 0}
  m_PrefabInstance: {fileID: 0}
  m_PrefabAsset: {fileID: 0}
  serializedVersion: 6
  m_Component:
  - component: {fileID: 8584325639210948951}
  - component: {fileID: 4644537434943896778}
  - component: {fileID: 2036044629387110235}
  - component: {fileID: 7691494893032837024}
  - component: {fileID: 5314846878343999193}
  - component: {fileID: 8341749591985824098}
  - component: {fileID: 4938775061915687198}
  m_Layer: 0
  m_Name: GameObject
  m_TagString: SpikeOther
  m_Icon: {fileID: 0}
  m_NavMeshLayer: 0
  m_StaticEditorFlags: 0
  m_IsActive: 1
--- !u!4 &8584325639210948951
Transform:
  m_ObjectHideFlags: 0
  m_CorrespondingSourceObject: {fileID: 0}
  m_PrefabInstance: {fileID: 0}
  m_PrefabAsset: {fileID: 0}
  m_GameObject: {fileID: 7388173462873943936}
  m_LocalRotation: {x: 0, y: 0, z: 0, w: 1}
  m_LocalPosition: {x: -0, y: 0, z: 0.02}
  m_LocalScale: {x: 1, y: 1, z: 1.0000002}
  m_Children: []
  m_Father: {fileID: 4366286361655940}
  m_RootOrder: 0
  m_LocalEulerAnglesHint: {x: 0, y: 0, z: 0}
--- !u!33 &4644537434943896778
MeshFilter:
  m_ObjectHideFlags: 0
  m_CorrespondingSourceObject: {fileID: 0}
  m_PrefabInstance: {fileID: 0}
  m_PrefabAsset: {fileID: 0}
  m_GameObject: {fileID: 7388173462873943936}
  m_Mesh: {fileID: 4300000, guid: c588a9d54d3e2c444850707be5231e76, type: 3}
--- !u!23 &2036044629387110235
MeshRenderer:
  m_ObjectHideFlags: 0
  m_CorrespondingSourceObject: {fileID: 0}
  m_PrefabInstance: {fileID: 0}
  m_PrefabAsset: {fileID: 0}
  m_GameObject: {fileID: 7388173462873943936}
  m_Enabled: 0
  m_CastShadows: 1
  m_ReceiveShadows: 1
  m_DynamicOccludee: 1
  m_MotionVectors: 1
  m_LightProbeUsage: 1
  m_ReflectionProbeUsage: 1
  m_RenderingLayerMask: 1
  m_RendererPriority: 0
  m_Materials:
  - {fileID: 2100000, guid: 57052dc92ca037543ac0deec2f961a43, type: 2}
  m_StaticBatchInfo:
    firstSubMesh: 0
    subMeshCount: 0
  m_StaticBatchRoot: {fileID: 0}
  m_ProbeAnchor: {fileID: 0}
  m_LightProbeVolumeOverride: {fileID: 0}
  m_ScaleInLightmap: 1
  m_PreserveUVs: 0
  m_IgnoreNormalsForChartDetection: 0
  m_ImportantGI: 0
  m_StitchLightmapSeams: 0
  m_SelectedEditorRenderState: 3
  m_MinimumChartSize: 4
  m_AutoUVMaxDistance: 0.5
  m_AutoUVMaxAngle: 89
  m_LightmapParameters: {fileID: 0}
  m_SortingLayerID: 0
  m_SortingLayer: 0
  m_SortingOrder: 0
--- !u!54 &7691494893032837024
Rigidbody:
  m_ObjectHideFlags: 0
  m_CorrespondingSourceObject: {fileID: 0}
  m_PrefabInstance: {fileID: 0}
  m_PrefabAsset: {fileID: 0}
  m_GameObject: {fileID: 7388173462873943936}
  serializedVersion: 2
  m_Mass: 1
  m_Drag: 0
  m_AngularDrag: 0.05
  m_UseGravity: 1
  m_IsKinematic: 0
  m_Interpolate: 0
  m_Constraints: 120
  m_CollisionDetection: 0
--- !u!64 &5314846878343999193
MeshCollider:
  m_ObjectHideFlags: 0
  m_CorrespondingSourceObject: {fileID: 0}
  m_PrefabInstance: {fileID: 0}
  m_PrefabAsset: {fileID: 0}
  m_GameObject: {fileID: 7388173462873943936}
  m_Material: {fileID: 0}
  m_IsTrigger: 0
  m_Enabled: 1
  serializedVersion: 3
  m_Convex: 1
  m_CookingOptions: 14
  m_Mesh: {fileID: 4300000, guid: c588a9d54d3e2c444850707be5231e76, type: 3}
--- !u!114 &8341749591985824098
MonoBehaviour:
  m_ObjectHideFlags: 0
  m_CorrespondingSourceObject: {fileID: 0}
  m_PrefabInstance: {fileID: 0}
  m_PrefabAsset: {fileID: 0}
  m_GameObject: {fileID: 7388173462873943936}
  m_Enabled: 1
  m_EditorHideFlags: 0
  m_Script: {fileID: 11500000, guid: 9ae870c405b3bd64ea7efb816c4007ad, type: 3}
  m_Name: 
  m_EditorClassIdentifier: 
--- !u!114 &4938775061915687198
MonoBehaviour:
  m_ObjectHideFlags: 0
  m_CorrespondingSourceObject: {fileID: 0}
  m_PrefabInstance: {fileID: 0}
  m_PrefabAsset: {fileID: 0}
  m_GameObject: {fileID: 7388173462873943936}
  m_Enabled: 1
  m_EditorHideFlags: 0
  m_Script: {fileID: 11500000, guid: d9d168472eae34fc2a9d4403d12911ec, type: 3}
  m_Name: 
  m_EditorClassIdentifier: 
--- !u!1001 &3227183742904894777
PrefabInstance:
  m_ObjectHideFlags: 0
  serializedVersion: 2
  m_Modification:
    m_TransformParent: {fileID: 4366286361655940}
    m_Modifications:
    - target: {fileID: 100000, guid: fffe7721f4b898d42b17cd2e0f84ef0d, type: 3}
      propertyPath: m_Name
      value: untitled
      objectReference: {fileID: 0}
    - target: {fileID: 100000, guid: fffe7721f4b898d42b17cd2e0f84ef0d, type: 3}
      propertyPath: m_TagString
      value: SpikeOther
      objectReference: {fileID: 0}
    - target: {fileID: 400000, guid: fffe7721f4b898d42b17cd2e0f84ef0d, type: 3}
      propertyPath: m_LocalPosition.x
      value: 0
      objectReference: {fileID: 0}
    - target: {fileID: 400000, guid: fffe7721f4b898d42b17cd2e0f84ef0d, type: 3}
      propertyPath: m_LocalPosition.y
      value: -0.013
      objectReference: {fileID: 0}
    - target: {fileID: 400000, guid: fffe7721f4b898d42b17cd2e0f84ef0d, type: 3}
      propertyPath: m_LocalPosition.z
      value: -1.068
      objectReference: {fileID: 0}
    - target: {fileID: 400000, guid: fffe7721f4b898d42b17cd2e0f84ef0d, type: 3}
      propertyPath: m_LocalRotation.x
      value: 0.4278706
      objectReference: {fileID: 0}
    - target: {fileID: 400000, guid: fffe7721f4b898d42b17cd2e0f84ef0d, type: 3}
      propertyPath: m_LocalRotation.y
      value: 0
      objectReference: {fileID: 0}
    - target: {fileID: 400000, guid: fffe7721f4b898d42b17cd2e0f84ef0d, type: 3}
      propertyPath: m_LocalRotation.z
      value: 0
      objectReference: {fileID: 0}
    - target: {fileID: 400000, guid: fffe7721f4b898d42b17cd2e0f84ef0d, type: 3}
      propertyPath: m_LocalRotation.w
      value: 0.90384
      objectReference: {fileID: 0}
    - target: {fileID: 400000, guid: fffe7721f4b898d42b17cd2e0f84ef0d, type: 3}
      propertyPath: m_RootOrder
      value: 1
      objectReference: {fileID: 0}
    - target: {fileID: 400000, guid: fffe7721f4b898d42b17cd2e0f84ef0d, type: 3}
      propertyPath: m_LocalEulerAnglesHint.x
      value: 50.665
      objectReference: {fileID: 0}
    - target: {fileID: 400000, guid: fffe7721f4b898d42b17cd2e0f84ef0d, type: 3}
      propertyPath: m_LocalEulerAnglesHint.y
      value: 0
      objectReference: {fileID: 0}
    - target: {fileID: 400000, guid: fffe7721f4b898d42b17cd2e0f84ef0d, type: 3}
      propertyPath: m_LocalEulerAnglesHint.z
      value: 0
      objectReference: {fileID: 0}
    - target: {fileID: 400000, guid: fffe7721f4b898d42b17cd2e0f84ef0d, type: 3}
      propertyPath: m_LocalScale.x
      value: 0.35228002
      objectReference: {fileID: 0}
    - target: {fileID: 400000, guid: fffe7721f4b898d42b17cd2e0f84ef0d, type: 3}
      propertyPath: m_LocalScale.y
      value: 0.6059251
      objectReference: {fileID: 0}
    - target: {fileID: 400000, guid: fffe7721f4b898d42b17cd2e0f84ef0d, type: 3}
      propertyPath: m_LocalScale.z
      value: 0.54389334
      objectReference: {fileID: 0}
    m_RemovedComponents: []
  m_SourcePrefab: {fileID: 100100000, guid: fffe7721f4b898d42b17cd2e0f84ef0d, type: 3}
--- !u!1 &3227183742904861593 stripped
GameObject:
  m_CorrespondingSourceObject: {fileID: 100000, guid: fffe7721f4b898d42b17cd2e0f84ef0d,
    type: 3}
  m_PrefabInstance: {fileID: 3227183742904894777}
  m_PrefabAsset: {fileID: 0}
--- !u!4 &3227183742905032633 stripped
Transform:
  m_CorrespondingSourceObject: {fileID: 400000, guid: fffe7721f4b898d42b17cd2e0f84ef0d,
    type: 3}
  m_PrefabInstance: {fileID: 3227183742904894777}
  m_PrefabAsset: {fileID: 0}
