%YAML 1.1
%TAG !u! tag:unity3d.com,2011:
--- !u!1 &1229562128492914
GameObject:
  m_ObjectHideFlags: 0
  m_CorrespondingSourceObject: {fileID: 0}
  m_PrefabInstance: {fileID: 0}
  m_PrefabAsset: {fileID: 0}
  serializedVersion: 6
  m_Component:
  - component: {fileID: 4418603368446508}
  - component: {fileID: 33103987443803296}
  - component: {fileID: 65843548777144678}
  - component: {fileID: 23133727143033164}
  - component: {fileID: 54751976684735392}
  - component: {fileID: 114720360554482276}
  m_Layer: 0
  m_Name: BonusP
  m_TagString: BonusP
  m_Icon: {fileID: 0}
  m_NavMeshLayer: 0
  m_StaticEditorFlags: 0
  m_IsActive: 1
--- !u!4 &4418603368446508
Transform:
  m_ObjectHideFlags: 0
  m_CorrespondingSourceObject: {fileID: 0}
  m_PrefabInstance: {fileID: 0}
  m_PrefabAsset: {fileID: 0}
  m_GameObject: {fileID: 1229562128492914}
  m_LocalRotation: {x: -0, y: -0, z: -0, w: 1}
  m_LocalPosition: {x: -0.5, y: 0.5, z: 0}
  m_LocalScale: {x: 0.022, y: 0.022, z: 0.022}
  m_Children:
  - {fileID: 4620726133932042}
  - {fileID: 1347374054094899482}
  m_Father: {fileID: 0}
  m_RootOrder: 0
  m_LocalEulerAnglesHint: {x: 0, y: 0, z: 0}
--- !u!33 &33103987443803296
MeshFilter:
  m_ObjectHideFlags: 0
  m_CorrespondingSourceObject: {fileID: 0}
  m_PrefabInstance: {fileID: 0}
  m_PrefabAsset: {fileID: 0}
  m_GameObject: {fileID: 1229562128492914}
  m_Mesh: {fileID: 4300000, guid: 8bc16dc388d80074ab2eaf8ef25ebc22, type: 3}
--- !u!65 &65843548777144678
BoxCollider:
  m_ObjectHideFlags: 0
  m_CorrespondingSourceObject: {fileID: 0}
  m_PrefabInstance: {fileID: 0}
  m_PrefabAsset: {fileID: 0}
  m_GameObject: {fileID: 1229562128492914}
  m_Material: {fileID: 0}
  m_IsTrigger: 0
  m_Enabled: 1
  serializedVersion: 2
  m_Size: {x: 41.42622, y: 41.437675, z: 41.426292}
  m_Center: {x: 0.4336319, y: 0.43358803, z: -0.43515873}
--- !u!23 &23133727143033164
MeshRenderer:
  m_ObjectHideFlags: 0
  m_CorrespondingSourceObject: {fileID: 0}
  m_PrefabInstance: {fileID: 0}
  m_PrefabAsset: {fileID: 0}
  m_GameObject: {fileID: 1229562128492914}
  m_Enabled: 0
  m_CastShadows: 1
  m_ReceiveShadows: 1
  m_DynamicOccludee: 1
  m_MotionVectors: 1
  m_LightProbeUsage: 1
  m_ReflectionProbeUsage: 1
  m_RenderingLayerMask: 4294967295
  m_RendererPriority: 0
  m_Materials:
  - {fileID: 2100000, guid: c09d7007e34a6054c972750b3112244f, type: 2}
  m_StaticBatchInfo:
    firstSubMesh: 0
    subMeshCount: 0
  m_StaticBatchRoot: {fileID: 0}
  m_ProbeAnchor: {fileID: 0}
  m_LightProbeVolumeOverride: {fileID: 0}
  m_ScaleInLightmap: 1
  m_ReceiveGI: 1
  m_PreserveUVs: 0
  m_IgnoreNormalsForChartDetection: 0
  m_ImportantGI: 0
  m_StitchLightmapSeams: 0
  m_SelectedEditorRenderState: 3
  m_MinimumChartSize: 4
  m_AutoUVMaxDistance: 0.5
  m_AutoUVMaxAngle: 89
  m_LightmapParameters: {fileID: 0}
  m_SortingLayerID: 0
  m_SortingLayer: 0
  m_SortingOrder: 0
--- !u!54 &54751976684735392
Rigidbody:
  m_ObjectHideFlags: 0
  m_CorrespondingSourceObject: {fileID: 0}
  m_PrefabInstance: {fileID: 0}
  m_PrefabAsset: {fileID: 0}
  m_GameObject: {fileID: 1229562128492914}
  serializedVersion: 2
  m_Mass: 1
  m_Drag: 0
  m_AngularDrag: 0.05
  m_UseGravity: 1
  m_IsKinematic: 0
  m_Interpolate: 0
  m_Constraints: 118
  m_CollisionDetection: 0
--- !u!114 &114720360554482276
MonoBehaviour:
  m_ObjectHideFlags: 0
  m_CorrespondingSourceObject: {fileID: 0}
  m_PrefabInstance: {fileID: 0}
  m_PrefabAsset: {fileID: 0}
  m_GameObject: {fileID: 1229562128492914}
  m_Enabled: 1
  m_EditorHideFlags: 0
  m_Script: {fileID: 11500000, guid: 0c8f78593afac0e4ab52957a4edb05f9, type: 3}
  m_Name: 
  m_EditorClassIdentifier: 
--- !u!1 &1725342966404036
GameObject:
  m_ObjectHideFlags: 0
  m_CorrespondingSourceObject: {fileID: 0}
  m_PrefabInstance: {fileID: 0}
  m_PrefabAsset: {fileID: 0}
  serializedVersion: 6
  m_Component:
  - component: {fileID: 4620726133932042}
  - component: {fileID: 33444408030251384}
  - component: {fileID: 23368594713063014}
  - component: {fileID: 95440210436811614}
  - component: {fileID: 114650266292017250}
  m_Layer: 0
  m_Name: znakzapytania 3d
  m_TagString: Untagged
  m_Icon: {fileID: 0}
  m_NavMeshLayer: 0
  m_StaticEditorFlags: 0
  m_IsActive: 1
--- !u!4 &4620726133932042
Transform:
  m_ObjectHideFlags: 0
  m_CorrespondingSourceObject: {fileID: 0}
  m_PrefabInstance: {fileID: 0}
  m_PrefabAsset: {fileID: 0}
  m_GameObject: {fileID: 1725342966404036}
  m_LocalRotation: {x: -0.5, y: -0.5, z: -0.5, w: 0.5}
  m_LocalPosition: {x: 0, y: -5.7, z: 0}
  m_LocalScale: {x: 2.9, y: 2.9, z: 3}
  m_Children: []
  m_Father: {fileID: 4418603368446508}
  m_RootOrder: 0
  m_LocalEulerAnglesHint: {x: -90, y: -90, z: 0}
--- !u!33 &33444408030251384
MeshFilter:
  m_ObjectHideFlags: 0
  m_CorrespondingSourceObject: {fileID: 0}
  m_PrefabInstance: {fileID: 0}
  m_PrefabAsset: {fileID: 0}
  m_GameObject: {fileID: 1725342966404036}
  m_Mesh: {fileID: 4300000, guid: fb0551f954fedd54f8a6b4aefe8914c0, type: 3}
--- !u!23 &23368594713063014
MeshRenderer:
  m_ObjectHideFlags: 0
  m_CorrespondingSourceObject: {fileID: 0}
  m_PrefabInstance: {fileID: 0}
  m_PrefabAsset: {fileID: 0}
  m_GameObject: {fileID: 1725342966404036}
  m_Enabled: 1
  m_CastShadows: 1
  m_ReceiveShadows: 1
  m_DynamicOccludee: 1
  m_MotionVectors: 1
  m_LightProbeUsage: 1
  m_ReflectionProbeUsage: 1
  m_RenderingLayerMask: 4294967295
  m_RendererPriority: 0
  m_Materials:
  - {fileID: 2100000, guid: bcd549aaad8e8d64296e79c46e8dc056, type: 2}
  m_StaticBatchInfo:
    firstSubMesh: 0
    subMeshCount: 0
  m_StaticBatchRoot: {fileID: 0}
  m_ProbeAnchor: {fileID: 0}
  m_LightProbeVolumeOverride: {fileID: 0}
  m_ScaleInLightmap: 1
  m_ReceiveGI: 1
  m_PreserveUVs: 0
  m_IgnoreNormalsForChartDetection: 0
  m_ImportantGI: 0
  m_StitchLightmapSeams: 0
  m_SelectedEditorRenderState: 3
  m_MinimumChartSize: 4
  m_AutoUVMaxDistance: 0.5
  m_AutoUVMaxAngle: 89
  m_LightmapParameters: {fileID: 0}
  m_SortingLayerID: 0
  m_SortingLayer: 0
  m_SortingOrder: 0
--- !u!95 &95440210436811614
Animator:
  serializedVersion: 3
  m_ObjectHideFlags: 0
  m_CorrespondingSourceObject: {fileID: 0}
  m_PrefabInstance: {fileID: 0}
  m_PrefabAsset: {fileID: 0}
  m_GameObject: {fileID: 1725342966404036}
  m_Enabled: 1
  m_Avatar: {fileID: 9000000, guid: fb0551f954fedd54f8a6b4aefe8914c0, type: 3}
  m_Controller: {fileID: 0}
  m_CullingMode: 0
  m_UpdateMode: 0
  m_ApplyRootMotion: 0
  m_LinearVelocityBlending: 0
  m_WarningMessage: 
  m_HasTransformHierarchy: 1
  m_AllowConstantClipSamplingOptimization: 1
  m_KeepAnimatorControllerStateOnDisable: 0
--- !u!114 &114650266292017250
MonoBehaviour:
  m_ObjectHideFlags: 0
  m_CorrespondingSourceObject: {fileID: 0}
  m_PrefabInstance: {fileID: 0}
  m_PrefabAsset: {fileID: 0}
  m_GameObject: {fileID: 1725342966404036}
  m_Enabled: 1
  m_EditorHideFlags: 0
  m_Script: {fileID: 11500000, guid: 7fb659f2a6affb24db6ed45e50ff7e94, type: 3}
  m_Name: 
  m_EditorClassIdentifier: 
--- !u!1001 &6325412736226173440
PrefabInstance:
  m_ObjectHideFlags: 0
  serializedVersion: 2
  m_Modification:
    m_TransformParent: {fileID: 4418603368446508}
    m_Modifications:
    - target: {fileID: -927199367670048503, guid: 88926ea94426a3342bfd8f66cee7a6cb,
        type: 3}
      propertyPath: m_Name
      value: nowyPustyKwadratLowVetex
      objectReference: {fileID: 0}
    - target: {fileID: -4216859302048453862, guid: 88926ea94426a3342bfd8f66cee7a6cb,
        type: 3}
      propertyPath: m_LocalPosition.x
      value: -0
      objectReference: {fileID: 0}
    - target: {fileID: -4216859302048453862, guid: 88926ea94426a3342bfd8f66cee7a6cb,
        type: 3}
      propertyPath: m_LocalPosition.y
      value: -18.17
      objectReference: {fileID: 0}
    - target: {fileID: -4216859302048453862, guid: 88926ea94426a3342bfd8f66cee7a6cb,
        type: 3}
      propertyPath: m_LocalPosition.z
      value: -18.17
      objectReference: {fileID: 0}
    - target: {fileID: -4216859302048453862, guid: 88926ea94426a3342bfd8f66cee7a6cb,
        type: 3}
      propertyPath: m_LocalRotation.x
      value: -0.7071068
      objectReference: {fileID: 0}
    - target: {fileID: -4216859302048453862, guid: 88926ea94426a3342bfd8f66cee7a6cb,
        type: 3}
      propertyPath: m_LocalRotation.y
      value: 0
      objectReference: {fileID: 0}
    - target: {fileID: -4216859302048453862, guid: 88926ea94426a3342bfd8f66cee7a6cb,
        type: 3}
      propertyPath: m_LocalRotation.z
      value: -0
      objectReference: {fileID: 0}
    - target: {fileID: -4216859302048453862, guid: 88926ea94426a3342bfd8f66cee7a6cb,
        type: 3}
      propertyPath: m_LocalRotation.w
      value: 0.7071067
      objectReference: {fileID: 0}
    - target: {fileID: -4216859302048453862, guid: 88926ea94426a3342bfd8f66cee7a6cb,
        type: 3}
      propertyPath: m_RootOrder
      value: 1
      objectReference: {fileID: 0}
    - target: {fileID: -4216859302048453862, guid: 88926ea94426a3342bfd8f66cee7a6cb,
        type: 3}
      propertyPath: m_LocalEulerAnglesHint.x
      value: 0
      objectReference: {fileID: 0}
    - target: {fileID: -4216859302048453862, guid: 88926ea94426a3342bfd8f66cee7a6cb,
        type: 3}
      propertyPath: m_LocalEulerAnglesHint.y
      value: 0
      objectReference: {fileID: 0}
    - target: {fileID: -4216859302048453862, guid: 88926ea94426a3342bfd8f66cee7a6cb,
        type: 3}
      propertyPath: m_LocalEulerAnglesHint.z
      value: 0
      objectReference: {fileID: 0}
    - target: {fileID: -4216859302048453862, guid: 88926ea94426a3342bfd8f66cee7a6cb,
        type: 3}
      propertyPath: m_LocalScale.x
      value: 1900
      objectReference: {fileID: 0}
    - target: {fileID: -4216859302048453862, guid: 88926ea94426a3342bfd8f66cee7a6cb,
        type: 3}
      propertyPath: m_LocalScale.y
      value: 1900
      objectReference: {fileID: 0}
    - target: {fileID: -4216859302048453862, guid: 88926ea94426a3342bfd8f66cee7a6cb,
        type: 3}
      propertyPath: m_LocalScale.z
      value: 1900
      objectReference: {fileID: 0}
    - target: {fileID: -1504981713932161579, guid: 88926ea94426a3342bfd8f66cee7a6cb,
        type: 3}
      propertyPath: m_Materials.Array.data[0]
      value: 
      objectReference: {fileID: 2100000, guid: c09d7007e34a6054c972750b3112244f, type: 2}
    m_RemovedComponents: []
  m_SourcePrefab: {fileID: 100100000, guid: 88926ea94426a3342bfd8f66cee7a6cb, type: 3}
--- !u!4 &1347374054094899482 stripped
Transform:
  m_CorrespondingSourceObject: {fileID: -4216859302048453862, guid: 88926ea94426a3342bfd8f66cee7a6cb,
    type: 3}
  m_PrefabInstance: {fileID: 6325412736226173440}
  m_PrefabAsset: {fileID: 0}
